<record><leader>00000cas a22000007a 4500</leader><controlfield tag="001">13362333</controlfield><controlfield tag="008">860329d19751975hiumr ne      0    0eng d</controlfield><datafield ind1=" " ind2=" " tag="010"><subfield code="a">sn 85047298 </subfield></datafield><datafield ind1=" " ind2=" " tag="040"><subfield code="a">HWN</subfield><subfield code="b">eng</subfield><subfield code="c">HWN</subfield><subfield code="d">OCLCQ</subfield></datafield><datafield ind1=" " ind2=" " tag="042"><subfield code="a">msc</subfield></datafield><datafield ind1=" " ind2=" " tag="043"><subfield code="a">n-us-hi</subfield></datafield><datafield ind1=" " ind2=" " tag="090"><subfield code="a">DU620</subfield><subfield code="b">.P8</subfield></datafield><datafield ind1="0" ind2="0" tag="245"><subfield code="a">Ainaloa independent news.</subfield></datafield><datafield ind1=" " ind2=" " tag="260"><subfield code="a">Hilo, Hawaii :</subfield><subfield code="b">E. Peterson,</subfield><subfield code="c">1975.</subfield></datafield><datafield ind1=" " ind2=" " tag="300"><subfield code="a">1 v. :</subfield><subfield code="b">ill. ;</subfield><subfield code="c">28 cm.</subfield></datafield><datafield ind1=" " ind2=" " tag="310"><subfield code="a">Monthly</subfield></datafield><datafield ind1="0" ind2=" " tag="362"><subfield code="a">Mar. [1975]-[Mar./Apr. 1975].</subfield></datafield><datafield ind1=" " ind2=" " tag="515"><subfield code="a">Second and final issue undated, but was issued in Apr. 1975.</subfield></datafield><datafield ind1=" " ind2="0" tag="651"><subfield code="a">Puna (Hawaii)</subfield><subfield code="v">Periodicals.</subfield></datafield><datafield ind1=" " ind2=" " tag="752"><subfield code="a">United States</subfield><subfield code="b">Hawaii</subfield><subfield code="c">Hawaii</subfield><subfield code="d">Hilo.</subfield></datafield><datafield ind1="0" ind2="0" tag="785"><subfield code="t">Puna independent news</subfield><subfield code="w">(DLC)sn 85047274</subfield><subfield code="w">(OCoLC)12711549</subfield></datafield><datafield ind1="1" ind2=" " tag="029"><subfield code="a">AU@</subfield><subfield code="b">000025836849</subfield></datafield></record>